@Manual{R-base,
  title = {R: A Language and Environment for Statistical Computing},
  author = {{R Core Team}},
  organization = {R Foundation for Statistical Computing},
  address = {Vienna, Austria},
  year = {2017},
  url = {https://www.R-project.org/},
}
@Manual{R-bookdown,
  title = {bookdown: Authoring Books and Technical Documents with R Markdown},
  author = {Yihui Xie},
  year = {2017},
  note = {R package version 0.5},
  url = {https://CRAN.R-project.org/package=bookdown},
}
@Manual{R-knitr,
  title = {knitr: A General-Purpose Package for Dynamic Report Generation in R},
  author = {Yihui Xie},
  year = {2017},
  note = {R package version 1.18},
  url = {https://CRAN.R-project.org/package=knitr},
}
@Manual{R-rmarkdown,
  title = {rmarkdown: Dynamic Documents for R},
  author = {JJ Allaire and Yihui Xie and Jonathan McPherson and Javier Luraschi and Kevin Ushey and Aron Atkins and Hadley Wickham and Joe Cheng and Winston Chang},
  year = {2017},
  note = {R package version 1.8},
  url = {https://CRAN.R-project.org/package=rmarkdown},
}

  @Manual{R-ergm,
    author = {Mark S. Handcock and David R. Hunter and Carter T. Butts and Steven M. Goodreau and Pavel N. Krivitsky and Martina Morris},
    title = {ergm: Fit, Simulate and Diagnose Exponential-Family Models for
Networks},
    organization = {The Statnet Project (\url{http://www.statnet.org})},
    year = {2017},
    note = {R package version 3.8.0},
    url = {https://CRAN.R-project.org/package=ergm},
  }
  
@Article{R-igraph,
    title = {The igraph software package for complex network research},
    author = {Gabor Csardi and Tamas Nepusz},
    journal = {InterJournal},
    volume = {Complex Systems},
    pages = {1695},
    year = {2006},
    url = {http://igraph.org},
  }
  
@Manual{R-readr,
    title = {readr: Read Rectangular Text Data},
    author = {Hadley Wickham and Jim Hester and Romain Francois},
    year = {2017},
    note = {R package version 1.1.1},
    url = {https://CRAN.R-project.org/package=readr},
  }

@Manual{R-foreign,
    title = {foreign: Read Data Stored by 'Minitab', 'S', 'SAS', 'SPSS', 'Stata',
'Systat', 'Weka', 'dBase', ...},
    author = {{R Core Team}},
    year = {2017},
    note = {R package version 0.8-69},
    url = {https://CRAN.R-project.org/package=foreign},
  }
  
@Manual{R-readxl,
  title = {readxl: Read Excel Files},
  author = {Hadley Wickham and Jennifer Bryan},
  year = {2017},
  note = {R package version 1.0.0},
  url = {https://CRAN.R-project.org/package=readxl},
}

@Manual{R-rex,
  title = {rex: Friendly Regular Expressions},
  author = {Kevin Ushey and Jim Hester and Robert Krzyzanowski},
  year = {2017},
  note = {R package version 1.1.2},
  url = {https://CRAN.R-project.org/package=rex},
}

@Manual{R-tidyr,
  title = {tidyr: Easily Tidy Data with 'spread()' and 'gather()' Functions},
  author = {Hadley Wickham and Lionel Henry},
  year = {2017},
  note = {R package version 0.7.2},
  url = {https://CRAN.R-project.org/package=tidyr},
}

@Manual{R-magrittr,
  title = {magrittr: A Forward-Pipe Operator for R},
  author = {Stefan Milton Bache and Hadley Wickham},
  year = {2014},
  note = {R package version 1.5},
  url = {https://CRAN.R-project.org/package=magrittr},
}

@Manual{R-stringr,
  title = {stringr: Simple, Consistent Wrappers for Common String Operations},
  author = {Hadley Wickham},
  year = {2017},
  note = {R package version 1.2.0},
  url = {https://CRAN.R-project.org/package=stringr},
}

@Manual{R-dplyr,
  title = {dplyr: A Grammar of Data Manipulation},
  author = {Hadley Wickham and Romain Francois and Lionel Henry and Kirill MÃ¼ller},
  year = {2017},
  note = {R package version 0.7.4},
  url = {https://CRAN.R-project.org/package=dplyr},
}

@Manual{R-intergraph,
  title = {intergraph: Coercion Routines for Network Data Objects},
  author = {Michal Bojanowski},
  year = {2015},
  url = {http://mbojan.github.io/intergraph},
  note = {R package version 2.0-2},
}

@Manual{R-statnet,
  author = {Mark S. Handcock and David R. Hunter and Carter T. Butts and Steven M. Goodreau and Pavel N. Krivitsky and Skye Bender-deMoll and Martina Morris},
  title = {statnet: Software Tools for the Statistical Analysis of Network Data},
  organization = {The Statnet Project (\url{http://www.statnet.org})},
  year = {2016},
  note = {R package version 2016.9},
  url = {CRAN.R-project.org/package=statnet},
}

@Article{R-texreg,
  title = {{texreg}: Conversion of Statistical Model Output in {R} to {\LaTeX} and {HTML} Tables},
  author = {Philip Leifeld},
  journal = {Journal of Statistical Software},
  year = {2013},
  volume = {55},
  number = {8},
  pages = {1--24},
  url = {http://www.jstatsoft.org/v55/i08/},
}

@Article{R-coda,
  title = {{CODA}: Convergence Diagnosis and Output Analysis for MCMC},
  author = {Martyn Plummer and Nicky Best and Kate Cowles and Karen Vines},
  journal = {R News},
  year = {2006},
  volume = {6},
  number = {1},
  pages = {7--11},
  url = {https://journal.r-project.org/archive/},
  pdf = {https://www.r-project.org/doc/Rnews/Rnews_2006-1.pdf},
}

@Manual{R,
  title = {R: A Language and Environment for Statistical Computing},
  author = {{R Core Team}},
  organization = {R Foundation for Statistical Computing},
  address = {Vienna, Austria},
  year = {2017},
  url = {https://www.R-project.org/},
  }
  
@Manual{R-latticeExtra,
  title = {latticeExtra: Extra Graphical Utilities Based on Lattice},
  author = {Deepayan Sarkar and Felix Andrews},
  year = {2016},
  note = {R package version 0.6-28},
  url = {https://CRAN.R-project.org/package=latticeExtra},
}